<record><leader>00000cas a2200000 a 4500</leader><controlfield tag="001">28234233</controlfield><controlfield tag="008">930608d1860186uiluwr ne      0   a0eng c</controlfield><datafield ind1=" " ind2=" " tag="010"><subfield code="a">sn 93055910 </subfield></datafield><datafield ind1=" " ind2=" " tag="040"><subfield code="a">NVF</subfield><subfield code="b">eng</subfield><subfield code="c">NVF</subfield><subfield code="d">OCL</subfield><subfield code="d">NVF</subfield><subfield code="d">CVF</subfield><subfield code="d">NVF</subfield><subfield code="d">OCLCO</subfield><subfield code="d">OCLCF</subfield><subfield code="d">OCL</subfield></datafield><datafield ind1=" " ind2=" " tag="042"><subfield code="a">pcc</subfield></datafield><datafield ind1=" " ind2=" " tag="043"><subfield code="a">n-us-il</subfield></datafield><datafield ind1="0" ind2="0" tag="245"><subfield code="a">Carroll County weekly mirror.</subfield></datafield><datafield ind1="1" ind2="3" tag="246"><subfield code="a">Weekly Carroll County mirror</subfield></datafield><datafield ind1=" " ind2=" " tag="260"><subfield code="a">Mt. Carroll, Ill. :</subfield><subfield code="b">Hollinger &amp; Windle,</subfield><subfield code="c">1860-[186-?].</subfield></datafield><datafield ind1=" " ind2=" " tag="300"><subfield code="a">v.</subfield></datafield><datafield ind1=" " ind2=" " tag="310"><subfield code="a">Weekly</subfield></datafield><datafield ind1="0" ind2=" " tag="362"><subfield code="a">Vol. 1, no. 1 (Mar. 21, 1860)-</subfield></datafield><datafield ind1=" " ind2=" " tag="500"><subfield code="a">"Carroll County" appears above masthead ornament.</subfield></datafield><datafield ind1=" " ind2=" " tag="515"><subfield code="a">Issues for Mar. 20, 1861-&lt;Mar. 9, 1864&gt; called also whole no. 53-&lt;208&gt;.</subfield></datafield><datafield ind1=" " ind2=" " tag="588"><subfield code="a">Latest issue consulted: Sept. 23, 1865.</subfield></datafield><datafield ind1=" " ind2="0" tag="651"><subfield code="a">Carroll County (Ill.)</subfield><subfield code="v">Newspapers.</subfield></datafield><datafield ind1=" " ind2="7" tag="651"><subfield code="a">Illinois</subfield><subfield code="z">Carroll County.</subfield><subfield code="2">fast</subfield><subfield code="0">(OCoLC)fst01209215</subfield></datafield><datafield ind1=" " ind2="7" tag="655"><subfield code="a">Newspapers.</subfield><subfield code="2">fast</subfield><subfield code="0">(OCoLC)fst01423814</subfield></datafield><datafield ind1=" " ind2=" " tag="752"><subfield code="a">United States</subfield><subfield code="b">Illinois</subfield><subfield code="c">Carroll</subfield><subfield code="d">Mount Carroll.</subfield></datafield><datafield ind1="0" ind2="0" tag="785"><subfield code="t">Carroll County mirror (Mount Carroll, Ill. : 1866)</subfield><subfield code="w">(DLC)sn 85033899</subfield><subfield code="w">(OCoLC)12309570</subfield></datafield><datafield ind1="1" ind2=" " tag="029"><subfield code="a">AU@</subfield><subfield code="b">000020230718</subfield></datafield></record>